@inproceedings{panSailfishAcceleratingCloudscale2021,
  title={Sailfish: Accelerating cloud-scale multi-tenant multi-service gateways with programmable switches},
  author={Pan, Tian and Yu, Nianbing and Jia, Chenhao and Pi, Jianwen and Xu, Liang and Qiao, Yisong and Li, Zhiguo and Liu, Kun and Lu, Jie and Lu, Jianyuan and others},
  booktitle={Proceedings of the 2021 ACM SIGCOMM 2021 Conference},
  pages={194--206},
  year={2021}
}

@inproceedings{agacheFirecrackerLightweightVirtualization2020,
  title={Firecracker: Lightweight virtualization for serverless applications},
  author={Agache, Alexandru and Brooker, Marc and Iordache, Alexandra and Liguori, Anthony and Neugebauer, Rolf and Piwonka, Phil and Popa, Diana-Maria},
  booktitle={17th USENIX symposium on networked systems design and implementation (NSDI 20)},
  pages={419--434},
  year={2020}
}
@software{aldanialAlDanialCloc2024,
  author       = {Albert Danial},
  title        = {cloc: v1.92},
  month        = dec,
  year         = 2021,
  publisher    = {Zenodo},
  version      = {v1.92},
  doi          = {10.5281/zenodo.5760077},
  url          = {https://doi.org/10.5281/zenodo.5760077}
}
@inproceedings{arifAcceleratingPerformanceGPUbased2023,
  title={Accelerating performance of gpu-based workloads using cxl},
  author={Arif, Moiz and Maurya, Avinash and Rafique, M Mustafa},
  booktitle={Proceedings of the 13th Workshop on AI and Scientific Computing at Scale using Flexible Computing},
  pages={27--31},
  year={2023}
}
@inproceedings{campbellCognitiveComplexityOverview2018,
  title={Cognitive complexity: An overview and evaluation},
  author={Campbell, G Ann},
  booktitle={Proceedings of the 2018 international conference on technical debt},
  pages={57--58},
  year={2018}
}
@inproceedings{duatoRCUDAReducingNumber2010,
  title={rCUDA: Reducing the number of GPU-based accelerators in high performance clusters},
  author={Duato, Jos{\'e} and Pena, Antonio J and Silla, Federico and Mayo, Rafael and Quintana-Ort{\'\i}, Enrique S},
  booktitle={2010 International Conference on High Performance Computing \& Simulation},
  pages={224--231},
  year={2010},
  organization={IEEE}
}
@article{eskandaniUphillJourneyFaaS2023,
  title={The uphill journey of FaaS in the open-source community},
  author={Eskandani, Nafise and Salvaneschi, Guido},
  journal={Journal of Systems and Software},
  volume={198},
  pages={111589},
  year={2023},
  publisher={Elsevier}
}
@inproceedings{gebaraChallengingStatelessQuo2020,
  title={Challenging the stateless quo of programmable switches},
  author={Gebara, Nadeen and Lerner, Alberto and Yang, Mingran and Yu, Minlan and Costa, Paolo and Ghobadi, Manya},
  booktitle={Proceedings of the 19th ACM Workshop on Hot Topics in Networks},
  pages={153--159},
  year={2020}
}
@inproceedings{hanNetworkSupportResource2013,
  title={Network support for resource disaggregation in next-generation datacenters},
  author={Han, Sangjin and Egi, Norbert and Panda, Aurojit and Ratnasamy, Sylvia and Shi, Guangyu and Shenker, Scott},
  booktitle={Proceedings of the Twelfth ACM Workshop on Hot Topics in Networks},
  pages={1--7},
  year={2013}
}
@inproceedings{hillTrackingNetworkFlows2018,
  title={Tracking network flows with P4},
  author={Hill, Joseph and Aloserij, Mitchel and Grosso, Paola},
  booktitle={2018 IEEE/ACM Innovating the Network for Data-Intensive Science (INDIS)},
  pages={23--32},
  year={2018},
  organization={IEEE}
}
@inproceedings{hilleSemperOSDistributedCapability2019,
  title={$\{$SemperOS$\}$: A Distributed Capability System},
  author={Hille, Matthias and Asmussen, Nils and Bhatotia, Pramod and H{\"a}rtig, Hermann},
  booktitle={2019 USENIX Annual Technical Conference (USENIX ATC 19)},
  pages={709--722},
  year={2019}
}
@report{intelIntelRackScale2014,
  title = {{{Intel}}® {{Rack Scale Design Architecture White Paper}}},
  author = {{Intel}},
  date = {2014},
  langid = {english},
  file = {/home/Zotero/storage/G4NS6EN3/Intel® Rack Scale Design Architecture White Paper.pdf}
}
@inproceedings{jinNetCacheBalancingKeyValue2017,
  title={Netcache: Balancing key-value stores with fast in-network caching},
  author={Jin, Xin and Li, Xiaozhou and Zhang, Haoyu and Soul{\'e}, Robert and Lee, Jeongkeun and Foster, Nate and Kim, Changhoon and Stoica, Ion},
  booktitle={Proceedings of the 26th Symposium on Operating Systems Principles},
  pages={121--136},
  year={2017}
}
@inproceedings{khashabSwitchVMMultiTenancyInNetwork2023a,
  title={SwitchVM: Multi-Tenancy for In-Network Computing},
  author={Khashab, Sajy and Silberstein, Mark},
  booktitle={Proceedings of the 16th ACM International Conference on Systems and Storage},
  pages={148--148},
  year={2023}
}
@article{linDisaggregatedDataCenters2020a,
  title={Disaggregated data centers: Challenges and trade-offs},
  author={Lin, Rui and Cheng, Yuxin and De Andrade, Marilet and Wosinska, Lena and Chen, Jiajia},
  journal={IEEE Communications Magazine},
  volume={58},
  number={2},
  pages={20--26},
  year={2020},
  publisher={IEEE}
}
@techreport{millerCapabilityMythsDemolished,
  title={Capability myths demolished},
  author={Miller, Mark S and Yee, Ka-Ping and Shapiro, Jonathan and others},
  year={2003},
  institution={Technical Report SRL2003-02, Johns Hopkins University Systems Research~…}
}
@inproceedings{moritzRayDistributedFramework,
  title={Ray: A distributed framework for emerging $\{$AI$\}$ applications},
  author={Moritz, Philipp and Nishihara, Robert and Wang, Stephanie and Tumanov, Alexey and Liaw, Richard and Liang, Eric and Elibol, Melih and Yang, Zongheng and Paul, William and Jordan, Michael I and others},
  booktitle={13th USENIX symposium on operating systems design and implementation (OSDI 18)},
  pages={561--577},
  year={2018}
}
@article{pagiamtzisContentAddressableMemoryCAM2006,
  title={Content-addressable memory (CAM) circuits and architectures: A tutorial and survey},
  author={Pagiamtzis, Kostas and Sheikholeslami, Ali},
  journal={IEEE journal of solid-state circuits},
  volume={41},
  number={3},
  pages={712--727},
  year={2006},
  publisher={IEEE}
}
@inproceedings{pfaffDesignImplementationOpen,
  title={The design and implementation of open $\{$vSwitch$\}$},
  author={Pfaff, Ben and Pettit, Justin and Koponen, Teemu and Jackson, Ethan and Zhou, Andy and Rajahalme, Jarno and Gross, Jesse and Wang, Alex and Stringer, Joe and Shelar, Pravin and others},
  booktitle={12th USENIX symposium on networked systems design and implementation (NSDI 15)},
  pages={117--130},
  year={2015}
}
@inproceedings{plainfosseSurveyDistributedGarbage1995,
  title={A survey of distributed garbage collection techniques},
  author={Plainfoss{\'e}, David and Shapiro, Marc},
  booktitle={International Workshop on Memory Management},
  pages={211--249},
  year={1995},
  organization={Springer}
}
@article{schleier-smithWhatServerlessComputing2021,
  title={What serverless computing is and should become: The next phase of cloud computing},
  author={Schleier-Smith, Johann and Sreekanti, Vikram and Khandelwal, Anurag and Carreira, Joao and Yadwadkar, Neeraja J and Popa, Raluca Ada and Gonzalez, Joseph E and Stoica, Ion and Patterson, David A},
  journal={Communications of the ACM},
  volume={64},
  number={5},
  pages={76--84},
  year={2021},
  publisher={ACM New York, NY, USA}
}
@phdthesis{shapiroSSPChainsRobust1992,
  title={SSP chains: Robust, distributed references supporting acyclic garbage collection},
  author={Shapiro, Marc and Dickman, Peter and Plainfoss{\'e}, David},
  year={1992},
  school={inria}
}
@phdthesis{shapiroGarbageDetectionProtocol,
  title={A garbage detection protocol for a realistic distributed object-support system},
  author={Shapiro, Marc and Gruber, Olivier and Plainfoss{\'e}, David},
  year={1990},
  school={INRIA}
}
@misc{ietfInternetProtocol1981,
    series =    {Request for Comments},
    number =    791,
    howpublished =  {RFC 791},
    publisher = {RFC Editor},
    doi =       {10.17487/RFC0791},
    url =       {https://www.rfc-editor.org/info/rfc791},
    author =    {},
    title =     {{Internet Protocol}},
    pagetotal = 51,
    year =      1981,
    month =     sep,
    abstract =  {},
}

@misc{ietfUserDatagramProtocol1980,
    series =    {Request for Comments},
    number =    768,
    howpublished =  {RFC 768},
    publisher = {RFC Editor},
    doi =       {10.17487/RFC0768},
    url =       {https://www.rfc-editor.org/info/rfc768},
    author =    {},
    title =     {{User Datagram Protocol}},
    pagetotal = 3,
    year =      1980,
    month =     aug,
    abstract =  {},
}

@inproceedings{shiKVSwitchInnetworkLoad2019,
  title={KVSwitch: An In-network Load Balancer for Key-Value Stores},
  author={Shi, Yang and Fei, Jiawei and Wenz, Mei and Zhang, Chunyuan},
  booktitle={2019 IEEE Symposium on Computers and Communications (ISCC)},
  pages={1--7},
  year={2019},
  organization={IEEE}
}
@article{silbersteinGPUnetNetworkingAbstractions2016,
  title={GPUnet: Networking abstractions for GPU programs},
  author={Silberstein, Mark and Kim, Sangman and Huh, Seonggu and Zhang, Xinya and Hu, Yige and Wated, Amir and Witchel, Emmett},
  journal={ACM Transactions on Computer Systems (TOCS)},
  volume={34},
  number={3},
  pages={1--31},
  year={2016},
  publisher={ACM New York, NY, USA}
}
@article{sussmanSchemeInterpreterExtended,
  title={Scheme: A interpreter for extended lambda calculus},
  author={Sussman, Gerald Jay and Steele Jr, Guy L},
  journal={Higher-Order and Symbolic Computation},
  volume={11},
  number={4},
  pages={405--439},
  year={1998},
  publisher={Springer}
}
@inproceedings{UsingSparseCapabilities1986,
  title={Using sparse capabilities in a distributed operating system},
  author={Tanenbaum, Andrew S and Mullender, Sape J and Van Renesse, Robbert},
  booktitle={Proceedings of the 6th International Conference on Distributed Computing Systems},
  pages={558--563},
  year={1986},
  organization={IEEE}
}
@article{tanenbaumDistributedOperatingSystems1985,
  title={Distributed operating systems},
  author={Tanenbaum, Andrew S and Van Renesse, Robbert},
  journal={ACM Computing Surveys (CSUR)},
  volume={17},
  number={4},
  pages={419--470},
  year={1985},
  publisher={ACM New York, NY, USA}
}
@inproceedings{vandorenAbstractHOTI20192019,
  title={Hoti 2019: Compute express link},
  author={Van Doren, Stephen},
  booktitle={2019 IEEE Symposium on High-Performance Interconnects (HOTI)},
  pages={18--18},
  year={2019},
  organization={IEEE}
}
@inproceedings{vilanovaSlashingDisaggregationTax2022,
  title={Slashing the disaggregation tax in heterogeneous data centers with FractOS},
  author={Vilanova, Llu{\'\i}s and Maudlej, Lina and Bergman, Shai and Miemietz, Till and Hille, Matthias and Asmussen, Nils and Roitzsch, Michael and H{\"a}rtig, Hermann and Silberstein, Mark},
  booktitle={Proceedings of the Seventeenth European Conference on Computer Systems},
  pages={352--367},
  year={2022}
}
@inproceedings{vilanovaCaladanDistributedMetaOS,
  title={Caladan: A distributed meta-OS for data center disaggregation},
  author={Vilanova, Lluis and Maudlej, Lina and Hille, Matthias and Asmussen, Nils and Roitzsch, Michael and Silberstein, Mark},
  booktitle={10th Workshop on Systems for Post-Moore Architectures (SPMA)},
  year={2020}
}
@inproceedings{zenoSwiShmemDistributedShared2020,
  title={Swishmem: Distributed shared state abstractions for programmable switches},
  author={Zeno, Lior and Ports, Dan RK and Nelson, Jacob and Silberstein, Mark},
  booktitle={Proceedings of the 19th ACM Workshop on Hot Topics in Networks},
  pages={160--167},
  year={2020}
}
@article{abdullahiGarbageCollectingInternet1998,
  title={Garbage collecting the internet: A survey of distributed garbage collection},
  author={Abdullahi, Saleh E and Ringwood, Graem A},
  journal={ACM Computing Surveys (CSUR)},
  volume={30},
  number={3},
  pages={330--373},
  year={1998},
  publisher={ACM New York, NY, USA}
}
@inproceedings{huangConfValleySystematicConfiguration2015,
  title={Confvalley: A systematic configuration validation framework for cloud services},
  author={Huang, Peng and Bolosky, William J and Singh, Abhishek and Zhou, Yuanyuan},
  booktitle={Proceedings of the Tenth European Conference on Computer Systems},
  pages={1--16},
  year={2015}
}
@inproceedings{li2022imap,
  title={$\{$IMap$\}$: Fast and scalable $\{$In-Network$\}$ scanning with programmable switches},
  author={Li, Guanyu and Zhang, Menghao and Guo, Cheng and Bao, Han and Xu, Mingwei and Hu, Hongxin and Li, Fenghua},
  booktitle={19th USENIX Symposium on Networked Systems Design and Implementation (NSDI 22)},
  pages={667--681},
  year={2022}
}
@article{zhaogengliWhitePaperBaidu2022,
  title = {White {{Paper}}: {{Baidu Intelligent Cloud Leverages Intel}}® {{Tofino}}™ {{Expandable Architecture}} to {{Meet 10Tbps-Level Bandwidth Requirements}}},
  author = {{Zhaogeng Li} and {Bert Klaps} and {Yi Lei}},
  date = {2022-09},
  abstract = {Before the Intel Tofino IFP became available, Baidu used x86 server clusters as gateways. With the introduction of the Intel Tofino IFP, Baidu also started to use Intel Tofino IFPs as gateways. The x86 server clusters provide extreme flexibility and reasonable performance, while Intel Tofino IFP provides extreme performance and reasonable flexibility.},
  langid = {english},
  file = {/home/Zotero/storage/TVMTDRAJ/White Paper Baidu Intelligent Cloud Leverages Int.pdf}
}
@article{ApacheSparkUnified,
  title={Apache spark: a unified engine for big data processing},
  author={Zaharia, Matei and Xin, Reynold S and Wendell, Patrick and Das, Tathagata and Armbrust, Michael and Dave, Ankur and Meng, Xiangrui and Rosen, Josh and Venkataraman, Shivaram and Franklin, Michael J and others},
  journal={Communications of the ACM},
  volume={59},
  number={11},
  pages={56--65},
  year={2016},
  publisher={ACM New York, NY, USA}
}

@online{datadogStateServerless,
  title = {The {{State}} of {{Serverless}}},
  author = {Datadog},
  url = {https://www.datadoghq.com/state-of-serverless/},
  abstract = {Our latest report, which builds on our yearly research on the serverless ecosystem, examines thousands of applications to surface insights into how serverless is being used in the real world.},
  langid = {english},
  organization = {Datadog},
  file = {/home/Zotero/storage/AMVJMZ7S/state-of-serverless.html}
}

@online{HomepageComputeExpress2023,
  title = {Homepage - {{Compute Express Link}}},
  date = {2023-09-19T21:47:06+00:00},
  url = {https://computeexpresslink.org/},
  abstract = {CXL 3.1 Specification Now AvailableLearn more about the fabric improvements and extensions, TSP, and memory expander improvements included in the specification.View the Press ReleaseCXL BlogsFind the latest Consortium news and educational materials on the technology.Read our BlogsUpcoming Industry EventsCXL Consortium representatives regularly support presentations and technology demonstrations during industry eventsView Upcoming Events Previous slide Next},
  langid = {american},
  file = {/home/Zotero/storage/TRC3DRAK/computeexpresslink.org.html}
}

@online{intelIntelInfrastructureProcessing,
  title = {{{Intel}}® {{Infrastructure Processing Unit}} ({{Intel}}® {{IPU}})},
  author = {{Intel}},
  url = {https://www.intel.com/content/www/us/en/products/details/network-io/ipu.html},
  abstract = {Discover IPUs from Intel and what IPUs are and how they improve compute needs. See how IPUs are helping CSPs increase data centers.},
  langid = {english},
  organization = {Intel},
  file = {/home/Zotero/storage/7YZTMS34/ipu.html}
}
@online{maxa.cherneyIntelHaltsTofino,
  title = {Intel Halts {{Tofino}} Networking Chip Development - {{Silicon Valley Business Journal}}},
  date = "2023-01-26",
  author = {{Max A. Cherney}},
  url = {https://www.bizjournals.com/sanjose/news/2023/01/26/intel-halts-development-of-tofino-switch-chips.html},
  file = {/home/Zotero/storage/7RFEYXKV/intel-halts-development-of-tofino-switch-chips.html}
}

@online{neutrondevelopmentteamOpenVSwitchHardware,
  title = {Open {{vSwitch Hardware Offloading}} — {{Neutron}} 24.0.0.0b2.Dev61 Documentation},
  author = {{Neutron development team}},
  url = {https://docs.openstack.org/neutron/latest/admin/config-ovs-offload.html},
  file = {/home/Zotero/storage/NL9L8WBN/config-ovs-offload.html}
}

@online{theapachesoftwarefoundationApacheBeam,
  title = {Apache {{Beam}}®},
  author = {{The Apache Software Foundation}},
  url = {https://beam.apache.org/},
  file = {/home/Zotero/storage/ZX6C7P3R/beam.apache.org.html}
}
@online{thep4.orgarchitectureworkinggroupP416PortableSwitch2022,
  title = {P416 {{Portable Switch Architecture}} ({{PSA}})},
  author = {{The P4.org Architecture Working Group}},
  date = {2022-12-22},
  url = {https://staging.p4.org/p4-spec/docs/PSA-v1.2.pdf},
  abstract = {P4 is a language for expressing how packets are processed by the data plane of a programmable network forwarding element. P4 programs specify how the various programmable blocks of a target architecture are programmed and connected. The Portable Switch Architecture (PSA) is a target architecture that describes common capabilities of network switch devices that process and forward packets across multiple interface ports.},
  file = {/home/Zotero/storage/CV95M93Q/PSA-v1.2.pdf}
}
@article{popescuMeasuringNetworkConditions2021,
  title={Measuring network conditions in data centers using the precision time protocol},
  author={Popescu, Diana Andreea and Moore, Andrew W},
  journal={IEEE Transactions on Network and Service Management},
  volume={18},
  number={3},
  pages={3753--3770},
  year={2021},
  publisher={IEEE}
}
